
<record>
  <controlfield tag="001">406555</controlfield>
  <datafield tag="035" ind1=" " ind2=" ">
    <subfield code="9">SPIRESTeX</subfield>
    <subfield code="a">Abe:1995wg</subfield>
  </datafield>
  <datafield tag="037" ind1=" " ind2=" ">
    <subfield code="a">SLAC-PUB-6920</subfield>
  </datafield>
  <datafield tag="245" ind1=" " ind2=" ">
    <subfield code="a">Production of pi+-, K+-, p, K0 and Lambda0 in hadronic Z0 decays</subfield>
  </datafield>
  <datafield tag="710" ind1=" " ind2=" ">
    <subfield code="g">SLD</subfield>
  </datafield>
</record>